<record><leader>00000cas a22000007a 4500</leader><controlfield tag="001">12483382</controlfield><controlfield tag="008">850903d18691881moudn ne      0    0eng d</controlfield><controlfield tag="009">3781</controlfield><datafield ind1=" " ind2=" " tag="010"><subfield code="a">sn 85034087 </subfield></datafield><datafield ind1=" " ind2=" " tag="040"><subfield code="a">NPU</subfield><subfield code="b">eng</subfield><subfield code="c">NPU</subfield><subfield code="d">NPX</subfield><subfield code="d">NPV</subfield><subfield code="d">MQN</subfield><subfield code="d">OCL</subfield><subfield code="d">OCLCQ</subfield><subfield code="d">DLC</subfield></datafield><datafield ind1=" " ind2=" " tag="019"><subfield code="a">15247466</subfield></datafield><datafield ind1="1" ind2=" " tag="029"><subfield code="a">AU@</subfield><subfield code="b">000025838080</subfield></datafield><datafield ind1=" " ind2=" " tag="042"><subfield code="a">msc</subfield></datafield><datafield ind1="0" ind2=" " tag="130"><subfield code="a">Daily bazoo (Sedalia, Mo. : 1869)</subfield></datafield><datafield ind1="0" ind2="0" tag="245"><subfield code="a">Daily bazoo.</subfield></datafield><datafield ind1="3" ind2="0" tag="246"><subfield code="a">Sunday morning bazoo</subfield></datafield><datafield ind1=" " ind2=" " tag="260"><subfield code="a">Sedalia, Mo. :</subfield><subfield code="b">J. West Goodwin,</subfield><subfield code="c">1869-1881.</subfield></datafield><datafield ind1=" " ind2=" " tag="300"><subfield code="a">12 v. ;</subfield><subfield code="c">54 cm.</subfield></datafield><datafield ind1=" " ind2=" " tag="310"><subfield code="a">Daily (except Sat.)</subfield></datafield><datafield ind1="0" ind2=" " tag="362"><subfield code="a">Vol. 1, no. 1 (Sept. 20, 1869)-v. 12, no. 254 (July 10, 1881).</subfield></datafield><datafield ind1=" " ind2=" " tag="500"><subfield code="a">On Sundays published as: Sunday morning bazoo, Mar. 23, 1873-July 10, 1881.</subfield></datafield><datafield ind1=" " ind2=" " tag="580"><subfield code="a">Weekly eds.: Sedalia bazoo (Sedalia, Mo. : 1869), Sept. 20, 1869-&lt;May 27, 1873&gt;; Sedalia weekly bazoo, &lt;June 1, 1875&gt;-July 10, 1881.</subfield></datafield><datafield ind1=" " ind2=" " tag="752"><subfield code="a">United States</subfield><subfield code="b">Missouri</subfield><subfield code="c">Pettis</subfield><subfield code="d">Sedalia.</subfield></datafield><datafield ind1="1" ind2=" " tag="775"><subfield code="t">Sedalia bazoo (Sedalia, Mo. : 1869)</subfield><subfield code="w">(DLC)sn 85034086</subfield></datafield><datafield ind1="1" ind2=" " tag="775"><subfield code="t">Sedalia weekly bazoo</subfield><subfield code="x">2163-7369</subfield><subfield code="w">(DLC)sn 90061066</subfield><subfield code="w">(OCoLC)20979963</subfield></datafield><datafield ind1="0" ind2="0" tag="785"><subfield code="t">Sedalia bazoo (Sedalia, Mo. : 1881)</subfield><subfield code="w">(DLC)sn 90061067</subfield></datafield></record>